
@article{gillespie2004,
	title = {Detection and classification of right whale calls using an edge detector operating on a smoothed spectrogram},
	author = {Gillespie, D.},
	year = {2004},
	date = {2004},
	journal = {Canadian Acoustics},
	pages = {39--47},
	volume = {32}
}

@article{gillespie2004a,
	title = {Detection and classification of right whale calls using an edge detector operating on a smoothed spectrogram},
	author = {Gillespie, D.},
	year = {2004},
	date = {2004},
	journal = {Canadian Acoustics},
	pages = {39--47},
	volume = {32}
}

@article{shiu2020,
	title = {Deep neural networks for automated detection of marine mammal species},
	author = {Shiu, Yu and Palmer, K. J. and Roch, Marie A. and Fleishman, Erica and Liu, Xiaobai and Nosal, Eva-Marie and Helble, Tyler and Cholewiak, Danielle and Gillespie, Douglas and Klinck, Holger},
	year = {2020},
	date = {2020},
	journal = {Scientific Reports},
	pages = {1{\textendash}12},
	volume = {10},
	number = {1}
}

@article{shiu2020a,
	title = {Deep neural networks for automated detection of marine mammal species},
	author = {Shiu, Yu and Palmer, K. J. and Roch, Marie A. and Fleishman, Erica and Liu, Xiaobai and Nosal, Eva-Marie and Helble, Tyler and Cholewiak, Danielle and Gillespie, Douglas and Klinck, Holger},
	year = {2020},
	month = {01},
	date = {2020-01-17},
	journal = {Scientific Reports},
	volume = {10},
	number = {1},
	doi = {10.1038/s41598-020-57549-y},
	url = {http://dx.doi.org/10.1038/s41598-020-57549-y},
	langid = {en}
}

@book{gillespie2024,
	title = {PAMGuard},
	author = {Gillespie, Douglas and Macaulay, Jamie},
	year = {2024},
	month = {12},
	date = {2024-12-12},
	publisher = {Zenodo},
	doi = {10.5281/ZENODO.14414376},
	url = {https://zenodo.org/doi/10.5281/zenodo.14414376}
}

@article{roch2024,
	title = {Tethys 3.1 - Passive acoustic monitoring (bioacoustics) data management},
	author = {Roch, Marie A.},
	year = {2024},
	month = {09},
	date = {2024-09-02},
	doi = {10.5281/ZENODO.13626338},
	url = {https://zenodo.org/doi/10.5281/zenodo.13626338}
}
