
@article{gillespie2004,
	title = {Detection and classification of right whale calls using an edge detector operating on a smoothed spectrogram},
	author = {Gillespie, D.},
	year = {2004},
	date = {2004},
	journal = {Canadian Acoustics},
	pages = {39--47},
	volume = {32},
	url = {https://jcaa.caa-aca.ca/index.php/jcaa/article/view/1586}
}



@article{shiu2020,
	title = {Deep neural networks for automated detection of marine mammal species},
	author = {Shiu, Yu and Palmer, K. J. and Roch, Marie A. and Fleishman, Erica and Liu, Xiaobai and Nosal, Eva-Marie and Helble, Tyler and Cholewiak, Danielle and Gillespie, Douglas and Klinck, Holger},
	year = {2020},
	month = {01},
	date = {2020-01-17},
	journal = {Scientific Reports},
	volume = {10},
	number = {1},
	doi = {10.1038/s41598-020-57549-y},
	url = {http://dx.doi.org/10.1038/s41598-020-57549-y},
	langid = {en}
}

@book{gillespie2024,
	title = {PAMGuard},
	author = {Gillespie, Douglas and Macaulay, Jamie},
	year = {2024},
	month = {12},
	date = {2024-12-12},
	publisher = {Zenodo},
	doi = {10.5281/ZENODO.14414376},
	url = {https://zenodo.org/doi/10.5281/zenodo.14414376}
}

@article{roch2024,
	title = {Tethys 3.1 - Passive acoustic monitoring (bioacoustics) data management},
	author = {Roch, Marie A.},
	year = {2024},
	month = {09},
	date = {2024-09-02},
	doi = {10.5281/ZENODO.13626338},
	url = {https://zenodo.org/doi/10.5281/zenodo.13626338},
}

@article{roch2016,
	title = {Management of acoustic metadata for bioacoustics},
	author = {Roch, Marie A. and Batchelor, Heidi and Baumann-Pickering, Simone and Berchok, Catherine L. and Cholewiak, Danielle and Fujioka, Ei and Garland, Ellen C. and Herbert, Sean and Hildebrand, John A. and Oleson, Erin M.},
	year = {2016},
	date = {2016},
	journal = {Ecological informatics},
	pages = {122{\textendash}136},
	volume = {31},
	note = {Publisher: Elsevier},
	doi = {doi.org/10.1016/j.ecoinf.2015.12.002}
}


@article{macaulay2022,
	title = {Passive acoustic tracking of the three{-}dimensional movements and acoustic behaviour of toothed whales in close proximity to static nets},
	author = {Macaulay, Jamie and Kingston, Al and Coram, Alex and Oswald, Michael and Swift, {Ren√©} and Gillespie, Doug and Northridge, Simon},
	year = {2022},
	month = {03},
	date = {2022-03-23},
	journal = {Methods in Ecology and Evolution},
	pages = {1250--1264},
	volume = {13},
	number = {6},
	doi = {10.1111/2041-210x.13828},
	url = {http://dx.doi.org/10.1111/2041-210X.13828},
	langid = {en}
}
